<record><leader>00000cas a22000007a 4500</leader><controlfield tag="001">18337444</controlfield><controlfield tag="008">880810d19001905nyuwr ne      0    0eng d</controlfield><datafield ind1=" " ind2=" " tag="010"><subfield code="a">sn 88074665 </subfield></datafield><datafield ind1=" " ind2=" " tag="040"><subfield code="a">NYS</subfield><subfield code="b">eng</subfield><subfield code="c">NYS</subfield><subfield code="d">OCLCQ</subfield></datafield><datafield ind1=" " ind2=" " tag="042"><subfield code="a">msc</subfield></datafield><datafield ind1="0" ind2="0" tag="245"><subfield code="a">Ontario County chronicle.</subfield></datafield><datafield ind1=" " ind2=" " tag="260"><subfield code="a">Canandaigua, N.Y. :</subfield><subfield code="b">Brown &amp; Powers,</subfield><subfield code="c">1900-1905.</subfield></datafield><datafield ind1=" " ind2=" " tag="300"><subfield code="a">5 v.</subfield></datafield><datafield ind1=" " ind2=" " tag="310"><subfield code="a">Weekly</subfield></datafield><datafield ind1="0" ind2=" " tag="362"><subfield code="a">Vol. 1, no. 1 (Aug. 15, 1900)-v. 1, no. 20 (Dec. 26, 1900) ; vol. 1, no. 1 (Jan. 2, 1901)-v. 5, no. 22 (Jan 11, 1905) = Whole no. 1-no. 229.</subfield></datafield><datafield ind1=" " ind2="4" tag="651"><subfield code="a">Canandaigua (N.Y.)</subfield><subfield code="v">Newspapers.</subfield></datafield><datafield ind1=" " ind2=" " tag="752"><subfield code="a">United States</subfield><subfield code="b">New York</subfield><subfield code="c">Ontario</subfield><subfield code="d">Canandaigua.</subfield></datafield><datafield ind1="0" ind2="0" tag="785"><subfield code="t">Canandaigua chronicle</subfield><subfield code="w">(DLC)sn 88074666</subfield></datafield><datafield ind1="1" ind2=" " tag="029"><subfield code="a">AU@</subfield><subfield code="b">000020517354</subfield></datafield></record>